@article{sentencepiece2018,
  author    = {Taku Kudo and
               John Richardson},
  title     = {SentencePiece: {A} simple and language independent subword tokenizer
               and detokenizer for Neural Text Processing},
  journal   = {CoRR},
  volume    = {abs/1808.06226},
  year      = {2018},
  url       = {http://arxiv.org/abs/1808.06226},
  archivePrefix = {arXiv},
  eprint    = {1808.06226},
  timestamp = {Sun, 02 Sep 2018 15:01:56 +0200},
  biburl    = {https://dblp.org/rec/bib/journals/corr/abs-1808-06226},
  bibsource = {dblp computer science bibliography, https://dblp.org}
}

@inproceedings{webster1992tokenization,
  title={Tokenization as the initial phase in NLP},
  author={Webster, Jonathan J and Kit, Chunyu},
  booktitle={COLING 1992 Volume 4: The 15th International Conference on Computational Linguistics},
  year={1992}
}

@article{young2018recent,
  title={Recent trends in deep learning based natural language processing},
  author={Young, Tom and Hazarika, Devamanyu and Poria, Soujanya and Cambria, Erik},
  journal={ieee Computational intelligenCe magazine},
  volume={13},
  number={3},
  pages={55--75},
  year={2018},
  publisher={IEEE}
}

@phdthesis{rigutini2004automatic,
  title={Automatic text processing: Machine learning techniques},
  author={Rigutini, Leonardo and Maggini, Marco},
  year={2004},
  school={Citeseer}
}

@article{fasttext,
  title={Bag of tricks for efficient text classification},
  author={Joulin, Armand and Grave, Edouard and Bojanowski, Piotr and Mikolov, Tomas},
  journal={arXiv preprint arXiv:1607.01759},
  year={2016}
}

@article{ulmfit,
  title={Universal language model fine-tuning for text classification},
  author={Howard, Jeremy and Ruder, Sebastian},
  journal={arXiv preprint arXiv:1801.06146},
  year={2018}
}

@inproceedings{bayes,
  title={An empirical study of the naive Bayes classifier},
  author={Rish, Irina and others},
  booktitle={IJCAI 2001 workshop on empirical methods in artificial intelligence},
  volume={3},
  number={22},
  pages={41--46},
  year={2001}
}

@inproceedings{bayesforty,
  title={Naive (Bayes) at forty: The independence assumption in information retrieval},
  author={Lewis, David D},
  booktitle={European conference on machine learning},
  pages={4--15},
  year={1998},
  organization={Springer}
}

@article{ben2001support,
  title={Support vector clustering},
  author={Ben-Hur, Asa and Horn, David and Siegelmann, Hava T and Vapnik, Vladimir},
  journal={Journal of machine learning research},
  volume={2},
  number={Dec},
  pages={125--137},
  year={2001}
}

@inproceedings{hotho2005brief,
  title={A brief survey of text mining.},
  author={Hotho, Andreas and N{\"u}rnberger, Andreas and Paa{\ss}, Gerhard},
  booktitle={Ldv Forum},
  volume={20},
  number={1},
  pages={19--62},
  year={2005},
  organization={Citeseer}
}
